<record><leader>00000cas a2200000 a 4500</leader><controlfield tag="001">40222807</controlfield><controlfield tag="008">981103d19531953miuwr n       0    0eng c</controlfield><datafield ind1=" " ind2=" " tag="010"><subfield code="a">sn 98066994 </subfield></datafield><datafield ind1=" " ind2=" " tag="040"><subfield code="a">MHN</subfield><subfield code="b">eng</subfield><subfield code="c">MHN</subfield><subfield code="d">OCL</subfield><subfield code="d">OCLCQ</subfield><subfield code="d">OCLCF</subfield><subfield code="d">OCLCO</subfield></datafield><datafield ind1="1" ind2=" " tag="029"><subfield code="a">AU@</subfield><subfield code="b">000021485825</subfield></datafield><datafield ind1=" " ind2=" " tag="042"><subfield code="a">pcc</subfield></datafield><datafield ind1=" " ind2=" " tag="043"><subfield code="a">n-us-mi</subfield></datafield><datafield ind1="0" ind2="4" tag="245"><subfield code="a">The East Jordan news &amp; the Northern Michigan telegram.</subfield></datafield><datafield ind1="1" ind2="7" tag="246"><subfield code="a">East Jordan news</subfield></datafield><datafield ind1="3" ind2=" " tag="246"><subfield code="a">East Jordan news and the Northern Michigan telegram</subfield></datafield><datafield ind1=" " ind2=" " tag="260"><subfield code="a">East Jordan, Mich. :</subfield><subfield code="b">Marshall F. Sayles</subfield></datafield><datafield ind1=" " ind2=" " tag="300"><subfield code="a">v.</subfield></datafield><datafield ind1=" " ind2=" " tag="310"><subfield code="a">Weekly</subfield></datafield><datafield ind1="0" ind2=" " tag="362"><subfield code="a">Vol. 1, no. 17 (Jan. 22, 1953)-v. 1, no. 43 (July 23, 1953).</subfield></datafield><datafield ind1=" " ind2=" " tag="580"><subfield code="a">Merged with: Charlevoix County herald, to form: East Jordan news-herald.</subfield></datafield><datafield ind1=" " ind2="0" tag="651"><subfield code="a">East Jordan (Mich.)</subfield><subfield code="v">Newspapers.</subfield></datafield><datafield ind1=" " ind2="0" tag="651"><subfield code="a">Charlevoix County (Mich.)</subfield><subfield code="v">Newspapers.</subfield></datafield><datafield ind1=" " ind2="7" tag="655"><subfield code="a">Newspapers.</subfield><subfield code="2">fast</subfield><subfield code="0">(OCoLC)fst01423814</subfield></datafield><datafield ind1=" " ind2="7" tag="651"><subfield code="a">Michigan</subfield><subfield code="z">Charlevoix County.</subfield><subfield code="2">fast</subfield><subfield code="0">(OCoLC)fst01211332</subfield></datafield><datafield ind1=" " ind2="7" tag="651"><subfield code="a">Michigan</subfield><subfield code="z">East Jordan.</subfield><subfield code="2">fast</subfield><subfield code="0">(OCoLC)fst01219681</subfield></datafield><datafield ind1=" " ind2=" " tag="752"><subfield code="a">United States</subfield><subfield code="b">Michigan</subfield><subfield code="c">Charlevoix</subfield><subfield code="d">East Jordan.</subfield></datafield><datafield ind1="0" ind2="0" tag="780"><subfield code="t">East Jordan news</subfield><subfield code="w">(DLC)sn 98066995</subfield><subfield code="w">(OCoLC)40224078</subfield></datafield><datafield ind1="1" ind2="7" tag="785"><subfield code="t">Charlevoix County herald</subfield><subfield code="w">(DLC)sn 96076839</subfield><subfield code="w">(OCoLC)35073565</subfield></datafield><datafield ind1="1" ind2="7" tag="785"><subfield code="t">East Jordan news-herald</subfield><subfield code="w">(DLC)sn 98066993</subfield><subfield code="w">(OCoLC)40222938</subfield></datafield></record>